@book{Legendre1805,
  author    = {Adrien-Marie Legendre},
  title     = {Nouvelles m{\'e}thodes pour la d{\'e}termination des orbites des com{\`e}tes},
  year      = {1805},
  publisher = {F. Didot},
  address   = {Paris},
  pages     = {viii + 80},
  url       = {https://catalog.hathitrust.org/Record/008630090},
}

@book{Gauss1809,
  author    = {Carl Friedrich Gauss},
  title     = {Theoria motus corporum coelestium in sectionibus conicis solem ambientum},
  year      = {1809},
  address   = {Hamburg},
  publisher = {F. Perthes and I.H. Besser}
}

@article{golub1980,
author = {Golub, Gene H. and van Loan, Charles F.},
title = {An Analysis of the Total Least Squares Problem},
journal = {SIAM Journal on Numerical Analysis},
volume = {17},
number = {6},
pages = {883-893},
year = {1980},
doi = {10.1137/0717073},
URL = {
        https://doi.org/10.1137/0717073
},
eprint = {
        https://doi.org/10.1137/0717073
}
}

@article{ghaoui97,
author = {El Ghaoui, Laurent and Lebret, Herv\'{e}},
title = {Robust Solutions to Least-Squares Problems with Uncertain Data},
journal = {SIAM Journal on Matrix Analysis and Applications},
volume = {18},
number = {4},
pages = {1035-1064},
year = {1997},
doi = {10.1137/S0895479896298130},
URL = { 
        https://doi.org/10.1137/S0895479896298130
}
}

@article{MARKOVSKY20072283,
title = {Overview of total least-squares methods},
journal = {Signal Processing},
volume = {87},
number = {10},
pages = {2283-2302},
year = {2007},
note = {Special Section: Total Least Squares and Errors-in-Variables Modeling},
issn = {0165-1684},
doi = {https://doi.org/10.1016/j.sigpro.2007.04.004},
author = {Ivan Markovsky and Sabine {Van Huffel}},
keywords = {Total least squares, Orthogonal regression, Errors-in-variables model, Deconvolution, Linear prediction, System identification}
}

@incollection{delmas,
  TITLE = {{Subspace tracking for signal processing}},
  AUTHOR = {Delmas, Jean-Pierre},
  URL = {https://hal.science/hal-01320647},
  BOOKTITLE = {{Adaptive signal processing : next generation solutions}},
  HAL_LOCAL_REFERENCE = {10285},
  PUBLISHER = {{Wiley-IEEE Press}},
  PAGES = {211 - 270},
  YEAR = {2010},
  PDF = {https://hal.science/hal-01320647v2/file/Subspace-tracking-for-signal-processing.pdf},
  HAL_ID = {hal-01320647},
  HAL_VERSION = {v2},
}

@article{He2012,
  title={Incremental gradient on the Grassmannian for online foreground and background separation in subsampled video},
  author={Jun He and Laura Balzano and Arthur Szlam},
  journal={2012 IEEE Conference on Computer Vision and Pattern Recognition},
  year={2012},
  pages={1568-1575},
  url={https://api.semanticscholar.org/CorpusID:17060463}
}

@ARTICLE{willems2007,

  author={Willems, Jan C.},

  journal={IEEE Control Systems Magazine}, 

  title={The Behavioral Approach to Open and Interconnected Systems}, 

  year={2007},

  volume={27},

  number={6},

  pages={46-99},

  keywords={Interconnected systems;Joining processes;Hydraulic systems;Signal processing;Switches;Visualization;Physics;Feedback control;Sensor phenomena and characterization;Sensor systems},

  doi={10.1109/MCS.2007.906923}}


@article{willems2005,
title = "A note on persistency of excitation",
keywords = "bahavioral systems, persistency of excitation, lags, annihilators, system identification, TIME-INVARIANT SYSTEMS, LINEAR-SYSTEM, IDENTIFICATION",
author = "JC Willems and P Rapisarda and Markovsky and De Moor, BLM",
year = "2005",
month = apr,
doi = "10.1016/j.sysconle.2004.09.003",
language = "English",
volume = "54",
pages = "325--329",
journal = "Systems \& Control Letters",
issn = "0167-6911",
publisher = "Elsevier B.V.",
number = "4",

}

@INPROCEEDINGS{jeremy2019,

  author={Coulson, Jeremy and Lygeros, John and Dörfler, Florian},

  booktitle={2019 18th European Control Conference (ECC)}, 

  title={Data-Enabled Predictive Control: In the Shallows of the DeePC}, 

  year={2019},

  volume={},

  number={},

  pages={307-312},

  keywords={Linear systems;Trajectory tracking;Heuristic algorithms;Stochastic systems;Stochastic processes;Prediction algorithms;Robustness;Trajectory;Nonlinear dynamical systems;Predictive control},

  doi={10.23919/ECC.2019.8795639}}

@article{markovsky2023,
  author = {I. Markovsky and L. Huang and F. Dörfler},
  title = {Data-driven control based on behavioral approach: From theory to applications in power systems},
  journal = {IEEE Control Systems Magazine},
  year = {2023},
  volume = {43},
  issue = {5},
  pages = {28--68},
  doi = {10.1109/MCS.2023.3291638}
}

@inproceedings{padoan2022,
title = "Behavioral uncertainty quantification for data-driven control",
author = "Alberto Padoan and Jeremy Coulson and Henk J. Van Waarde and John Lygeros and Florian Dorfler",
year = "2022",
doi = "10.1109/CDC51059.2022.9993002",
isbn = "978-1-6654-6762-9",
series = "Proceedings of the IEEE Conference on Decision and Control",
publisher = "IEEE",
pages = "4726--4731",
booktitle = "2022 IEEE 61st Conference on Decision and Control"
}

@article{willems1986,
title = {From time series to linear system—Part I. Finite dimensional linear time invariant systems},
journal = {Automatica},
volume = {22},
number = {5},
pages = {561-580},
year = {1986},
issn = {0005-1098},
doi = {https://doi.org/10.1016/0005-1098(86)90066-X},
author = {Jan C. Willems},
}

@article{markovsky2021,
  author = {I. Markovsky and F. Dörfler},
  title = {Behavioral systems theory in data-driven analysis, signal processing, and control},
  journal = {Annual Reviews in Control},
  volume = {52},
  pages = {42--64},
  year = {2021},
  keywords = {Behavioral systems theory, data-driven control, missing data estimation, system identification},
  doi = {10.1016/j.arcontrol.2021.09.005}
}

@article{markovsky2008,
  author = {I. Markovsky and P. Rapisarda},
  title = {Data-driven simulation and control},
  journal = {Int. J. Contr.},
  volume = {81},
  number = {12},
  pages = {1946--1959},
  year = {2008},
  keywords = {simulation, data-driven control, output matching, linear quadratic tracking, system identification.},
  doi = {10.1080/00207170801942170},
}

@book{anderson2007,
author = {Anderson, Brian D. O. and Moore, John B.},
title = {Optimal control: linear quadratic methods},
year = {1990},
isbn = {0136385605},
publisher = {Prentice-Hall, Inc.},
address = {USA}
}

@article{han2023,
title={Nonconvex-nonconcave min-max optimization on Riemannian manifolds},
author={Andi Han and Bamdev Mishra and Pratik Jawanpuria and Junbin Gao},
journal={Transactions on Machine Learning Research},
issn={2835-8856},
year={2023},
url={https://openreview.net/forum?id=EDVIHPZhFo},
note={}
}


@InProceedings{pmlr-v119-jin20e,
  title = 	 {What is Local Optimality in Nonconvex-Nonconcave Minimax Optimization?},
  author =       {Jin, Chi and Netrapalli, Praneeth and Jordan, Michael},
  booktitle = 	 {Proceedings of the 37th International Conference on Machine Learning},
  pages = 	 {4880--4889},
  year = 	 {2020},
  editor = 	 {III, Hal Daumé and Singh, Aarti},
  volume = 	 {119},
  series = 	 {Proceedings of Machine Learning Research},
  month = 	 {13--18 Jul},
  publisher =    {PMLR},
  pdf = 	 {http://proceedings.mlr.press/v119/jin20e/jin20e.pdf},
  url = 	 {https://proceedings.mlr.press/v119/jin20e.html}
}

@book{absil,
author = {Absil, P.-A. and Mahony, R. and Sepulchre, R.},
title = {Optimization Algorithms on Matrix Manifolds},
year = {2007},
isbn = {0691132984},
publisher = {Princeton University Press},
address = {USA},
}

@misc{sasfi2024,
      title={Subspace tracking for online system identification}, 
      author={András Sasfi and Alberto Padoan and Ivan Markovsky and Florian Dörfler},
      year={2024},
      eprint={2412.09052},
      archivePrefix={arXiv},
      primaryClass={eess.SY},
      url={https://arxiv.org/abs/2412.09052}, 
}

@Book{boumal2023,
  title     = {An introduction to optimization on smooth manifolds},
  author    = {Boumal, Nicolas},
  publisher = {Cambridge University Press},
  year      = {2023},
  url       = {https://www.nicolasboumal.net/book},
  doi       = {10.1017/9781009166164}
}

@book{willemspolderman1998,
  author    = {J.W. Polderman and J.C. Willems},
  title     = {Introduction to Mathematical Systems Theory: A Behavioral Approach},
  series    = {Texts in Applied Mathematics},
  volume    = {26},
  publisher = {Springer Verlag},
  address   = {New York, NY},
  year      = {1998},
  pages     = {424},
  isbn      = {978-0-387-98266-3},
}

@misc{han2024,
      title={A Framework for Bilevel Optimization on Riemannian Manifolds}, 
      author={Andi Han and Bamdev Mishra and Pratik Jawanpuria and Akiko Takeda},
      year={2024},
      eprint={2402.03883},
      archivePrefix={arXiv},
      primaryClass={math.OC},
      url={https://arxiv.org/abs/2402.03883}, 
}

@incollection{willems1989,
  author       = {Willems, Jan C.},
  title        = {Models for dynamics},
  booktitle    = {Dynamics Reported},
  volume       = {2},
  pages        = {171--269},
  year         = {1989},
  editor       = {Kirchgraber, U. and Walther, H. O.},
  publisher    = {Wiley},
  address      = {New York},
}

@ARTICLE{dorfler2022,
  author={Dörfler, Florian and Coulson, Jeremy and Markovsky, Ivan},
  journal={IEEE Transactions on Automatic Control}, 
  title={Bridging Direct and Indirect Data-Driven Control Formulations via Regularizations and Relaxations}, 
  year={2023},
  volume={68},
  number={2},
  pages={883-897},
  keywords={Trajectory;Linear systems;Predictive control;Data models;Aerospace electronics;Optimization;Complexity theory;Optimal control;Pareto optimization;system identification},
  doi={10.1109/TAC.2022.3148374}}

@article{markovsky2020,
author = {Markovsky, Ivan and Dörfler, Florian},
year = {2022},
month = {01},
pages = {1-11},
title = {Identifiability in the Behavioral Setting},
volume = {PP},
journal = {IEEE Transactions on Automatic Control},
doi = {10.1109/TAC.2022.3209954}
}

@book{hespanha,
 ISBN = {9780691179575},
 URL = {http://www.jstor.org/stable/j.ctvc772kp},
 author = {João P. Hespanha},
 edition = {NED - New edition, 2},
 publisher = {Princeton University Press},
 title = {Linear Systems Theory: Second Edition},
 urldate = {2025-10-21},
 year = {2018}
}

@book{camacho2007,
  title        = {Model Predictive Control},
  author       = {Camacho, E. F. and Bordons, C.},
  edition      = {2nd},
  series       = {Advanced Textbooks in Control and Signal Processing},
  publisher    = {Springer London},
  year         = {2007},
  isbn         = {978-0-85729-398-5},
  doi          = {10.1007/978-0-85729-398-5}
}

@article{ferramosca2009,
  author    = {A. Ferramosca and D. Lim{\'o}n and I. Alvarado and T. {\'A}lamo and E. F. Camacho},
  title     = {MPC for tracking with optimal closed-loop performance},
  journal   = {Automatica},
  volume    = {45},
  number    = {8},
  pages     = {1975--1978},
  year      = {2009},
  issn      = {0005-1098},
  doi       = {10.1016/j.automatica.2009.04.012}
}

@article{golub1999,
author = {Golub, Gene H. and Hansen, Per Christian and O'Leary, Dianne P.},
title = {Tikhonov Regularization and Total Least Squares},
journal = {SIAM Journal on Matrix Analysis and Applications},
volume = {21},
number = {1},
pages = {185-194},
year = {1999},
doi = {10.1137/S0895479897326432},
URL = { 
        https://doi.org/10.1137/S0895479897326432
}
}

